@misc{fetzer20,
    Author={Fetzer, Christof and Martin, Andre},
    title={Lecutre Notes in Software Fault Tolerance},
    year={2020},
    publisher={TU Dresden}
}